@article{Dalitz,
	author={R H Dalitz},
	title={On an Alternative Decay Process for the Neutral $\pi^{0}$-Meson},
	journal={Proceedings of the Physical Society. Section A},
	volume={64},
	number={7},
	pages={667},
	url={http://stacks.iop.org/0370-1298/64/i=7/a=115},
	year={1951},
	abstract={}
}
@article{KrollWada,
	title = {Internal Pair Production Associated with the Emission of High-Energy Gamma Rays},
	author = {Kroll, Norman M. and Wada, Walter},
	journal = {Phys. Rev.},
	volume = {98},
	issue = {5},
	pages = {1355--1359},
	numpages = {0},
	year = {1955},
	month = {Jun},
	publisher = {American Physical Society},
	doi = {10.1103/PhysRev.98.1355},
	url = {http://link.aps.org/doi/10.1103/PhysRev.98.1355}
}
@article{Lord,
	title = {Narrow Angle Pairs of Particles from Nuclear Interactions},
	author = {Lord, J. J. and Fainberg, Joseph and Haskin, D. M. and Schein, Marcel},
	journal = {Phys. Rev.},
	volume = {87},
	issue = {3},
	pages = {538--539},
	numpages = {0},
	year = {1952},
	month = {Aug},
	publisher = {American Physical Society},
	doi = {10.1103/PhysRev.87.538},
	url = {http://link.aps.org/doi/10.1103/PhysRev.87.538}
}
@article{Samios,
	title = {Dynamics of Internally Converted Electron-Positron Pairs},
	author = {Samios, N. P.},
	journal = {Phys. Rev.},
	volume = {121},
	issue = {1},
	pages = {275--281},
	numpages = {0},
	year = {1961},
	month = {Jan},
	publisher = {American Physical Society},
	doi = {10.1103/PhysRev.121.275},
	url = {http://link.aps.org/doi/10.1103/PhysRev.121.275}
}
@article{Sargent,
	title = {Diffusion Cloud-Chamber Study of Very Slow Mesons. I. Internal Pair Formation},
	author = {Sargent, C. P. and Cornelius, R. and Rinehart, M. and Lederman, L. M. and Rogers, K.},
	journal = {Phys. Rev.},
	volume = {98},
	issue = {5},
	pages = {1349--1354},
	numpages = {0},
	year = {1955},
	month = {Jun},
	publisher = {American Physical Society},
	doi = {10.1103/PhysRev.98.1349},
	url = {http://link.aps.org/doi/10.1103/PhysRev.98.1349}
}
@ARTICLE{Lindenfeld,
	author = {{Lindenfeld}, P. and {Sachs}, A. and {Steinberger}, J.},
	title = "{The Internal Pair Production of {$\gamma$}-Rays of Mesonic Origin; Alternate Modes of {$\pi$}$^{0}$ Decay}",
	journal = {Physical Review},
	year = 1953,
	month = feb,
	volume = 89,
	pages = {531-537},
	doi = {10.1103/PhysRev.89.531},
	adsurl = {http://adsabs.harvard.edu/abs/1953PhRv...89..531L},
	adsnote = {Provided by the SAO/NASA Astrophysics Data System}
}
@book{peskin,
	title={An Introduction to Quantum Field Theory},
	author={Peskin, M.E. and Schroeder, D.V.},
	isbn={9780201503975},
	lccn={89027170},
	series={Advanced book classics},
	url={http://books.google.com/books?id=i35LALN0GosC},
	year={1995},
	publisher={Addison-Wesley Publishing Company}
}
@book{halzen,
	title={Quarks and leptons: an introductory course in modern particle physics},
	author={Halzen, F. and Martin, A.D.},
	lccn={83014649},
	url={http://books.google.com/books?id=zwDvAAAAMAAJ},
	year={1984},
	publisher={Wiley}
}
@article{pdg2014,
	author        = "K.A. Olive et al",
	collaboration = "Particle Data Group",
	title         = "Review of Particle Physics",
	journal       = "Phys. Rev. C",
	volume        = "38",
	pages         = "090001",
	year          = "2014",
}
@article{Hanhart2015,
	author="Hanhart, C.
	and Kup{\'{s}}{\'{c}}, A.
	and Mei{\ss}ner, U.-G.
	and Stollenwerk, F.
	and Wirzba, A.",
	title="Erratum to: Dispersive analysis for $\eta \rightarrow \gamma \gamma ^\star $",
	journal="The European Physical Journal C",
	year="2015",
	volume="75",
	number="6",
	pages="1--3",
	issn="1434-6052",
	doi="10.1140/epjc/s10052-015-3429-2",
	url="http://dx.doi.org/10.1140/epjc/s10052-015-3429-2"
}
@article{BESIII,
	title = {Observation of the Dalitz decay $\ensuremath{\eta}\ensuremath{'}\ensuremath{\rightarrow}\ensuremath{\gamma}{e}^{+}{e}^{-}$},
	author = {Ablikim, M. and Achasov, M. N. and Ai, X. C. and Albayrak, O. and Albrecht, M. and Ambrose, D. J. and Amoroso, A. and An, F. F. and An, Q. and Bai, J. Z. and Ferroli, R. Baldini and Ban, Y. and Bennett, D. W. and Bennett, J. V. and Bertani, M. and Bettoni, D. and Bian, J. M. and Bianchi, F. and Boger, E. and Bondarenko, O. and Boyko, I. and Briere, R. A. and Cai, H. and Cai, X. and Cakir, O. and Calcaterra, A. and Cao, G. F. and Cetin, S. A. and Chang, J. F. and Chelkov, G. and Chen, G. and Chen, H. S. and Chen, H. Y. and Chen, J. C. and Chen, M. L. and Chen, S. J. and Chen, X. and Chen, X. R. and Chen, Y. B. and Cheng, H. P. and Chu, X. K. and Cibinetto, G. and Cronin-Hennessy, D. and Dai, H. L. and Dai, J. P. and Dbeyssi, A. and Dedovich, D. and Deng, Z. Y. and Denig, A. and Denysenko, I. and Destefanis, M. and De Mori, F. and Ding, Y. and Dong, C. and Dong, J. and Dong, L. Y. and Dong, M. Y. and Du, S. X. and Duan, P. F. and Fan, J. Z. and Fang, J. and Fang, S. S. and Fang, X. and Fang, Y. and Fava, L. and Feldbauer, F. and Felici, G. and Feng, C. Q. and Fioravanti, E. and Fritsch, M. and Fu, C. D. and Gao, Q. and Gao, X. Y. and Gao, Y. and Gao, Z. and Garzia, I. and Geng, C. and Goetzen, K. and Gong, W. X. and Gradl, W. and Greco, M. and Gu, M. H. and Gu, Y. T. and Guan, Y. H. and Guo, A. Q. and Guo, L. B. and Guo, Y. and Guo, Y. P. and Haddadi, Z. and Hafner, A. and Han, S. and Han, Y. L. and Hao, X. Q. and Harris, F. A. and He, K. L. and He, Z. Y. and Held, T. and Heng, Y. K. and Hou, Z. L. and Hu, C. and Hu, H. M. and Hu, J. F. and Hu, T. and Hu, Y. and Huang, G. M. and Huang, G. S. and Huang, H. P. and Huang, J. S. and Huang, X. T. and Huang, Y. and Hussain, T. and Ji, Q. and Ji, Q. P. and Ji, X. B. and Ji, X. L. and Jiang, L. L. and Jiang, L. W. and Jiang, X. S. and Jiao, J. B. and Jiao, Z. and Jin, D. P. and Jin, S. and Johansson, T. and Julin, A. and Kalantar-Nayestanaki, N. and Kang, X. L. and Kang, X. S. and Kavatsyuk, M. and Ke, B. C. and Kliemt, R. and Kloss, B. and Kolcu, O. B. and Kopf, B. and Kornicer, M. and K\"uhn, W. and Kupsc, A. and Lai, W. and Lange, J. S. and Lara, M. and Larin, P. and Leng, C. and Li, C. H. and Li, Cheng and Li, D. M. and Li, F. and Li, G. and Li, H. B. and Li, J. C. and Li, Jin and Li, K. and Li, K. and Li, Lei and Li, P. R. and Li, T. and Li, W. D. and Li, W. G. and Li, X. L. and Li, X. M. and Li, X. N. and Li, X. Q. and Li, Z. B. and Liang, H. and Liang, Y. F. and Liang, Y. T. and Liao, G. R. and Lin, D. X. and Liu, B. J. and Liu, C. X. and Liu, F. H. and Liu, Fang and Liu, Feng and Liu, H. B. and Liu, H. H. and Liu, H. H. and Liu, H. M. and Liu, J. and Liu, J. P. and Liu, J. Y. and Liu, K. and Liu, K. Y. and Liu, L. D. and Liu, P. L. and Liu, Q. and Liu, S. B. and Liu, X. and Liu, X. X. and Liu, Y. B. and Liu, Z. A. and Liu, Zhiqiang and Liu, Zhiqing and Loehner, H. and Lou, X. C. and Lu, H. J. and Lu, J. G. and Lu, R. Q. and Lu, Y. and Lu, Y. P. and Luo, C. L. and Luo, M. X. and Luo, T. and Luo, X. L. and Lv, M. and Lyu, X. R. and Ma, F. C. and Ma, H. L. and Ma, L. L. and Ma, Q. M. and Ma, S. and Ma, T. and Ma, X. N. and Ma, X. Y. and Maas, F. E. and Maggiora, M. and Malik, Q. A. and Mao, Y. J. and Mao, Z. P. and Marcello, S. and Messchendorp, J. G. and Min, J. and Min, T. J. and Mitchell, R. E. and Mo, X. H. and Mo, Y. J. and Morales, C. Morales and Moriya, K. and Muchnoi, N. Yu. and Muramatsu, H. and Nefedov, Y. and Nerling, F. and Nikolaev, I. B. and Ning, Z. and Nisar, S. and Niu, S. L. and Niu, X. Y. and Olsen, S. L. and Ouyang, Q. and Pacetti, S. and Patteri, P. and Pelizaeus, M. and Peng, H. P. and Peters, K. and Pettersson, J. and Ping, J. L. and Ping, R. G. and Poling, R. and Pu, Y. N. and Qi, M. and Qian, S. and Qiao, C. F. and Qin, L. Q. and Qin, N. and Qin, X. S. and Qin, Y. and Qin, Z. H. and Qiu, J. F. and Rashid, K. H. and Redmer, C. F. and Ren, H. L. and Ripka, M. and Rong, G. and Ruan, X. D. and Santoro, V. and Sarantsev, A. and Savri\'e, M. and Schoenning, K. and Schumann, S. and Shan, W. and Shao, M. and Shen, C. P. and Shen, P. X. and Shen, X. Y. and Sheng, H. Y. and Song, W. M. and Song, X. Y. and Sosio, S. and Spataro, S. and Sun, G. X. and Sun, J. F. and Sun, S. S. and Sun, Y. J. and Sun, Y. Z. and Sun, Z. J. and Sun, Z. T. and Tang, C. J. and Tang, X. and Tapan, I. and Thorndike, E. H. and Tiemens, M. and Toth, D. and Ullrich, M. and Uman, I. and Varner, G. S. and Wang, B. and Wang, B. L. and Wang, D. and Wang, D. Y. and Wang, K. and Wang, L. L. and Wang, L. S. and Wang, M. and Wang, P. and Wang, P. L. and Wang, Q. J. and Wang, S. G. and Wang, W. and Wang, X. F. and Wang, Y. D. and Wang, Y. F. and Wang, Y. Q. and Wang, Z. and Wang, Z. G. and Wang, Z. H. and Wang, Z. Y. and Weber, T. and Wei, D. H. and Wei, J. B. and Weidenkaff, P. and Wen, S. P. and Wiedner, U. and Wolke, M. and Wu, L. H. and Wu, Z. and Xia, L. G. and Xia, Y. and Xiao, D. and Xiao, Z. J. and Xie, Y. G. and Xiu, Q. L. and Xu, G. F. and Xu, L. and Xu, Q. J. and Xu, Q. N. and Xu, X. P. and Yan, L. and Yan, W. B. and Yan, W. C. and Yan, Y. H. and Yang, H. X. and Yang, L. and Yang, Y. and Yang, Y. X. and Ye, H. and Ye, M. and Ye, M. H. and Yin, J. H. and Yu, B. X. and Yu, C. X. and Yu, H. W. and Yu, J. S. and Yuan, C. Z. and Yuan, W. L. and Yuan, Y. and Yuncu, A. and Zafar, A. A. and Zallo, A. and Zeng, Y. and Zhang, B. X. and Zhang, B. Y. and Zhang, C. and Zhang, C. C. and Zhang, D. H. and Zhang, H. H. and Zhang, H. Y. and Zhang, J. J. and Zhang, J. L. and Zhang, J. Q. and Zhang, J. W. and Zhang, J. Y. and Zhang, J. Z. and Zhang, K. and Zhang, L. and Zhang, S. H. and Zhang, X. Y. and Zhang, Y. and Zhang, Y. H. and Zhang, Y. T. and Zhang, Z. H. and Zhang, Z. P. and Zhang, Z. Y. and Zhao, G. and Zhao, J. W. and Zhao, J. Y. and Zhao, J. Z. and Zhao, Lei and Zhao, Ling and Zhao, M. G. and Zhao, Q. and Zhao, Q. W. and Zhao, S. J. and Zhao, T. C. and Zhao, Y. B. and Zhao, Z. G. and Zhemchugov, A. and Zheng, B. and Zheng, J. P. and Zheng, W. J. and Zheng, Y. H. and Zhong, B. and Zhou, L. and Zhou, Li and Zhou, X. and Zhou, X. K. and Zhou, X. R. and Zhou, X. Y. and Zhu, K. and Zhu, K. J. and Zhu, S. and Zhu, X. L. and Zhu, Y. C. and Zhu, Y. S. and Zhu, Z. A. and Zhuang, J. and Zotti, L. and Zou, B. S. and Zou, J. H.},
	collaboration = {BESIII Collaboration},
	journal = {Phys. Rev. D},
	volume = {92},
	issue = {1},
	pages = {012001},
	numpages = {11},
	year = {2015},
	month = {Jul},
	publisher = {American Physical Society},
	doi = {10.1103/PhysRevD.92.012001},
	url = {http://link.aps.org/doi/10.1103/PhysRevD.92.012001}
}
